@online{DeepDream,
      author = { Alexander Mordvintsev and Christopher Olah and Mike Tyka},
      title = {Inceptionism: Going Deeper into Neural Networks},
      year = 2015,
      url = {https://research.googleblog.com/2015/06/inceptionism-going-deeper-into-neural.html},
      urldate = {2016-09-21}
    }
    
    @article{AdSurvey,
      Author = {Atilim Gunes Baydin et. al.},
      Title = {Automatic differentiation in machine learning: a survey},
      Year = {2015},
      journal = {arXiv:1502.05767},
    }

@article{AD1, 
       author = {Pearlmutter, Barak A. and Siskind, Jeffrey M},
        title = "{Putting the Automatic Back into AD: Part II, Dynamic, Automatic, Nestable, and Fast
        (CVS: 1.1)}",
      journal = {ECE Technical Reports.},
         year = 2008,
        month = may,
    }
@article{AD2, 
       author = {Pearlmutter, Barak A. and Siskind, Jeffrey M},
        title = "{Putting the Automatic Back into AD: Part I, What’s Wrong
        (CVS: 1.1)}",
      journal = {ECE Technical Reports.},
         year = 2008,
       
    }

    @BOOK{GeneralCovariance, 
        title={Gravitation and Spacetime (2nd ed.)},
        author={O'Hanian and Hans C. and Ruffini and Remo },
        publisher={W. W. Norton},
        year={1994},
        isbn={ 0-393-96501-5},
        section={7.1},
        }

       
@article{StatMC, 
       author = {Mark Girolami and Ben Calderhead},
        title = "{Riemann manifold Langevin and Hamiltonian Monte
        Carlo methods}",
      journal = {Journal of the Royal Statistical Society},
         year = 2011,
    }    
@article{TensorGPU,
title = {High-performance Tensor Contractions for GPUs },
journal = {Procedia Computer Science },
volume = {80},
number = {},
pages =  {108 - 118},
year = "2016",
note = {International Conference on Computational Science 2016, ICCS 2016, 6-8 June 2016, San Diego, California, USA },
issn = {1877-0509},
author = {Abdelfattah et al., A.},

}


@article{Feynman,
  title = {An Operator Calculus Having Applications in Quantum Electrodynamics},
  author = {Feynman, Richard P.},
  journal = {Phys. Rev.},
  volume = {84},
  issue = {1},
  pages = {108--128},
  numpages = {0},
  year = {1951},
  month = {Oct},
  publisher = {American Physical Society},
}
    
 
@article {HeavisideOperational,
 author = {Carson, John R.},
 title = {The Heaviside Operational Calculus},
 journal = {Bell System Technical Journal},
 volume = {1},
 number = {2},
 publisher = {Blackwell Publishing Ltd},
 issn = {1538-7305},
 pages = {43--55},
 year = {1922},
 }
 
@inprocedings{RecurrentNet,
       title={Parsing natural scenes and natural language with recursive neural networks},
         author={Socher, Richard and Lin, Cliff C and Manning, Chris and Ng, Andrew Y},
         booktitle={Proceedings of the 28th international conference on machine learning (ICML-11)},
         pages={129--136},
         year={2011}
     }
    

@article{resNet,
Author = {Kaiming He and Xiangyu Zhang and Shaoqing Ren and Jian Sun},
Title = {Deep Residual Learning for Image Recognition},
Year = {2015},
journal = {arXiv:1512.03385},
}

@article{LSTM,
  title={Long short-term memory},
  author={Hochreiter, Sepp and Schmidhuber, J{\"u}rgen},
  journal={Neural computation},
  volume={9},
  number={8},
  pages={1735--1780},
  year={1997},
  publisher={MIT Press}
}

@inproceedings{ConvNet,
  title={Imagenet classification with deep convolutional neural networks},
  author={Krizhevsky, Alex and Sutskever, Ilya and Hinton, Geoffrey E},
  booktitle={Advances in neural information processing systems},
  pages={1097--1105},
  year={2012}
}

@article{VanishingGradient,
       title={On the difficulty of training recurrent neural networks.},
       author={Pascanu, Razvan and Mikolov, Tomas and Bengio, Yoshua},
       journal={ICML (3)},
       volume={28},
       pages={1310--1318},
       year={2013}
     }
@article{HyperParams,
         title={Gradient-based optimization of hyperparameters},
         author={Bengio, Yoshua},
         journal={Neural computation},
         volume={12},
         number={8},
         pages={1889--1900},
         year={2000},
         publisher={MIT Press}
     } 
@online{dC++,
author = {Žiga Sajovic},
  title = {dCpp},
  year = {2016},
  Eprinttype ={gitHub},
       note = {https://github.com/zigasajovic/dCpp},

     }  
@article{dC++Paper,
Author = {Žiga Sajovic},
Title = {Implementing Operational calculus on programming spaces},
journal = {arXiv e-prints},
Year = 2016,
volume = {arXiv:1612.0273},
}
     
@article{OpCalc,
author = {Wiener, Norbert},
year=1926,
journal={Mathematische Annalen},
volume=95,
pages={557--584},
title = {The operational calculus},
     }    
@ARTICLE{Theano,
   author = {{Theano Development Team}},
    title = "{Theano: A {Python} framework for fast computation of mathematical expressions}",
  journal = {arXiv e-prints},
   volume = {arXiv:1605.02688},
 primaryClass = "cs.SC",
 keywords = {Computer Science - Symbolic Computation, Computer Science - Learning, Computer Science - Mathematical Software},
     year = 2016,
    month = may,
}  
S
@article{TensorFlow,
title={{TensorFlow}: Large-Scale Machine Learning on Heterogeneous Systems},
note={Software available from tensorflow.org},
author={
    Mart\'{\i}n~Abadi and
    et al.},
  year={2015},
}      
@article{PcAD,
author = {Kamil A. Khan and Paul I. Barton},
title = {A vector forward mode of automatic differentiation for generalized derivative evaluation},
journal = {Optimization Methods and Software},
volume = {30},
number = {6},
pages = {1185-1212},
year = {2015},
}
@article{ReverseAD,
 author = {Hogan, Robin J.},
 title = {Fast Reverse-Mode Automatic Differentiation Using Expression Templates in C++},
 journal = {ACM Trans. Math. Softw.},
 issue_date = {June 2014},
 volume = {40},
 number = {4},
 month = jul,
 year = {2014},
 issn = {0098-3500},
 pages = {26:1--26:16},
 articleno = {26},
 numpages = {16},
 acmid = {2560359},
 publisher = {ACM},
 address = {New York, NY, USA},
 keywords = {Adjoint code, Jacobian matrix, quasi-Newton, template metaprogramming},
} 

@Article{netRam,
author={Graves, Alex and et al.
},
title={Hybrid computing using a neural network with dynamic external memory},
journal={Nature},
year={2016},
month={Oct},
day={12},
publisher={Macmillan Publishers Limited, part of Springer Nature. All rights reserved.},
volume={advance online publication},
note={Article},
issn={1476-4687},
}


@article{netRam2,
  title = "Neural Programmer-Interpreters",
  author = "Scott Reed and Nando de Freitas",
  year = "2016",
 journal = "International Conference on Learning Representations (ICLR)",
  url = "http://arxiv.org/pdf/1511.06279v3",
}

@inproceedings{hyper,
  title={Auto-WEKA: Combined selection and hyperparameter optimization of classification algorithms},
  author={Thornton, Chris and et al.},
  booktitle={Proceedings of the 19th ACM SIGKDD international conference on Knowledge discovery and data mining},
  pages={847--855},
  year={2013},
  organization={ACM}
}

@article{boosting,
  title={A short introduction to boosting},
  author={Freund, Yoav and et al.},
  journal={Journal-Japanese Society For Artificial Intelligence},
  volume={14},
  number={771-780},
  pages={1612},
  year={1999},
  publisher={JAPANESE SOC ARTIFICIAL INTELL}
}

@ARTICLE{artNet,
Author = {Leon A. Gatys and Alexander S. Ecker and Matthias Bethge},
Title = {A Neural Algorithm of Artistic Style},
Year = {2015},
journal = {arXiv e-prints},
volume = {arXiv:1508.06576},
}

@article{dataDerivative,
  title={The derivative of a regular type is its type of one-hole contexts},
  author={McBride, Conor},
  journal={Unpublished manuscript},
  pages={74--88},
  year={2001}
}

@article{backus,
  title={Can programming be liberated from the von Neumann style?: a functional style and its algebra of programs},
  author={Backus, John},
  journal={Communications of the ACM},
  volume={21},
  number={8},
  pages={613--641},
  year={1978},
  publisher={ACM}
}

@online{algTip,
  author = {Chris Taylor},
  title = {Algebra of algebraic data types},
  year = 2013,
  note = {dosegljivo na http://chris-taylor.github.io/blog/2013/02/10/the-algebra-of-algebraic-data-types/},
  urldate = {2016-09-30}
}

@book{analComb,
  Author = {Philippe Flajolet and Robert Sedgewick},
  Title = {Analytic Combinatorics},
  Publisher = {Cambridge University Press},
  Year = {2009},
  ISBN = {},
  URL = {https://www.amazon.com/Analytic-Combinatorics-Philippe-Flajolet-ebook/dp/B00AKE1V4A?SubscriptionId=0JYN1NVW651KCA56C102&tag=techkie-20&linkCode=xm2&camp=2025&creative=165953&creativeASIN=B00AKE1V4A}
}

@article{species,
  title={Une th{\'e}orie combinatoire des s{\'e}ries formelles},
  author={Joyal, Andr{\'e}},
  journal={Advances in mathematics},
  volume={42},
  number={1},
  pages={1--82},
  year={1981},
  publisher={Elsevier}
}

@article{complexCat,
Author = {Marcelo Fiore and Tom Leinster},
Title = {Objects of Categories as Complex Numbers},
Year = {2002},
journal = {Advances in Mathematics 190 (2005), 264-277},
}

@article{7Trees,
Author = {Andreas Blass},
Title = {Seven Trees in One},
Year = {1994},
journal = {arXiv:math/9405205},
}

@book{DLbook,
    title={Deep Learning},
    author={Ian Goodfellow and Yoshua Bengio and Aaron Courville},
    publisher={MIT Press},
    note={\url{http://www.deeplearningbook.org}},
    year={2016}
}

@article{whyDL,
Author = {Henry W. Lin and Max Tegmark and David Rolnick},
Title = {Why does deep and cheap learning work so well?},
Year = {2016},
journal = {arXiv:1608.08225},
}
@article{TF,
Author = {Martín Abadi et.al},
Title = {TensorFlow: Large-Scale Machine Learning on Heterogeneous Distributed Systems},
Year = {2016},
journal = {arXiv:1603.04467},
}

@online{dC++Man,
author = {Žiga Sajovic},
  title = {dCpp: Infinite differentiability of conditionals, recursion and all things C++},
  year = {2016},
  Eprinttype ={gitHub},
       note = {https://zigasajovic.github.io/dCpp/},

     }
@online{TenMan,
author = {Žiga Sajovic},
  title = {Deep Learning and Virtual Tensor Machines},
  year = {2016},
  Eprinttype ={gitHub},
       url = {https://zigasajovic.github.io/Deep-Learning-and-Virtual-Tensor-Machines/},

     }
     
@article{progInterp,
Author = {Scott Reed and Nando de Freitas},
Title = {Neural Programmer-Interpreters},
Year = {2015},
journal ={International Conference on Learning Representations (ICLR)},
}

@article{opCalProg,
Author = {Žiga Sajovic and Martin Vuk},
Title = {Operational calculus on programming spaces},
volume = {arXiv:1610.07690},
note = {Poslano v Journal of Machine Learning Research}
Year = 2016,
}

@article{neuTur,
Author = {Alex Graves and Greg Wayne and Ivo Danihelka},
Title = {Neural Turing Machines},
Year = {2014},
journal = {arXiv:1410.5401},
}

@article{trackNet,
Author = {Luca Bertinetto and Jack Valmadre and João F. Henriques and Andrea Vedaldi and Philip H. S. Torr},
Title = {Fully-Convolutional Siamese Networks for Object Tracking},
Year = {2016},
journal = {arXiv:1606.09549},
}

@article{genText,
Author = {Samuel R. Bowman and Luke Vilnis and Oriol Vinyals and Andrew M. Dai and Rafal Jozefowicz and Samy Bengio},
Title = {Generating Sentences from a Continuous Space},
Year = {2015},
journal = {SIGNLL Conference on Computational Natural Language Learning
  (CONLL), 2016}
}

@article{NLP,
Author = {Ankur P. Parikh and Oscar Täckström and Dipanjan Das and Jakob Uszkoreit},
Title = {A Decomposable Attention Model for Natural Language Inference},
Year = {2016},
journal = {arXiv:1606.01933},
}

@article{fasterRCNN,
Author = {Shaoqing Ren and Kaiming He and Ross Girshick and Jian Sun},
Title = {Faster R-CNN: Towards Real-Time Object Detection with Region Proposal Networks},
Year = {2015},
journal = {arXiv:1506.01497},
}

@book{tenCalc1,
  Author = {J. L. Synge and A. Schild},
  Title = {Tensor Calculus (Dover Books on Mathematics)},
  Publisher = {Dover Publications},
  Year = {2012},
  ISBN = {},
  URL = {https://www.amazon.com/Tensor-Calculus-Dover-Books-Mathematics-ebook/dp/B00A739PCY?SubscriptionId=0JYN1NVW651KCA56C102&tag=techkie-20&linkCode=xm2&camp=2025&creative=165953&creativeASIN=B00A739PCY}
}
@book{tenCalc2,
  Author = {Ralph Abraham and Jerrold E. Marsden and Tudor Ratiu},
  Title = {Manifolds, Tensor Analysis, and Applications (Applied Mathematical Sciences) (v. 75)},
  Publisher = {Springer},
  Year = {1988},
  ISBN = {0387967907},
  URL = {https://www.amazon.com/Manifolds-Analysis-Applications-Mathematical-Sciences/dp/0387967907?SubscriptionId=0JYN1NVW651KCA56C102&tag=techkie-20&linkCode=xm2&camp=2025&creative=165953&creativeASIN=0387967907}
}

@book{tenAlg3,
  Author = {N. Bourbaki},
  Title = {Algebra I: Chapters 1-3},
  Publisher = {Springer},
  Year = {1998},
  ISBN = {3540642439},
  URL = {https://www.amazon.com/Algebra-I-Chapters-N-Bourbaki/dp/3540642439?SubscriptionId=0JYN1NVW651KCA56C102&tag=techkie-20&linkCode=xm2&camp=2025&creative=165953&creativeASIN=3540642439}
}