@article{opCalProg,
Author = {Žiga Sajovic and Martin Vuk},
Title = {Operational calculus on programming spaces},
volume = {arXiv:1610.07690},
Year = 2016,
}

@online{dC++,
author = {Žiga Sajovic},
  title = {dCpp},
  year = {2016},
  Eprinttype ={gitHub},
       note = {https://github.com/zigasajovic/dCpp},

     }  
@article{dC++Paper,
Author = {Žiga Sajovic},
Title = {Implementing Operational calculus on programming spaces},
Year = 2016,
journal = {arXiv:1612.0273},
}

@online{dC++Man,
author = {Žiga Sajovic},
  title = {dCpp: Infinite differentiability of conditionals, recursion and all things C++},
  year = {2016},
  Eprinttype ={gitHub},
       note = {https://zigasajovic.github.io/dCpp/},

     }
     
     